2025 3142
155 213 214 248 lv
686 201 1223 246 PRAEFATIO.

154 325 469 386 videbatur,
510 323 570 372 in
592 322 1164 374 animadversionibus
1185 323 1522 388 perbreviter
1541 326 1758 376 monui·

154 415 293 462 mus,
335 414 403 448 ne
426 402 522 449 aut
539 397 717 448 lector
736 404 961 461 erraret,
1005 403 1103 448 aut
1129 397 1276 449 forte
1295 398 1460 449 scioli
1479 415 1582 450 nos
1601 399 1758 466 ipsos

154 489 395 525 errorem
420 470 708 522 admisisse
730 471 990 522 arbitrari
1011 477 1256 538 possent.
1314 471 1423 526 Ubi
1460 471 1601 522 nihil
1640 489 1760 524 mo-

154 544 390 609 nui'mus,
400 545 482 600 ibi
503 547 676 596 autin
692 545 943 597 Bentleio
967 546 1358 613 acquievimus,
1382 553 1480 598 aut
1497 547 1760 614 vulgatae

156 624 227 673 ab
248 622 411 672 nobis
440 620 727 672 restitutae
758 621 1103 672 scansionem
1125 621 1206 670 ita
1233 620 1452 673 facilem
1481 621 1760 683 duximus,

156 704 219 748 ut
240 695 601 746 adnotatione
619 692 759 746 nihil
778 694 1026 760 indigere
1053 694 1414 747 crederemus.

266 769 491 821 Habent
509 783 639 837 ergo
660 767 752 828 bic
768 769 1016 820 Terentii
1036 775 1282 820 amantes
1303 775 1529 832 textum,
1564 769 1622 819 in
1646 784 1758 836 quo

158 846 391 914 primum
409 859 601 896 versus
620 843 815 894 melius
834 857 997 910 quam
1023 840 1256 894 antehac
1273 844 1418 895 inter
1437 859 1496 894 se
1518 843 1761 908 diremti,

159 935 327 988 porro
351 919 518 970 lectio
542 932 705 984 quam
731 916 980 984 proxime
1002 916 1074 966 ad
1094 924 1336 969 veterum
1357 918 1626 970 librorum
1649 918 1761 968 fide

158 993 605 1062 dignissimorum
628 991 917 1043 lectionem
942 990 1207 1056 adducta,
1247 993 1482 1060 denique
1501 1007 1762 1044 versuum

158 1069 378 1120 scansio
402 1074 458 1119 et
476 1065 789 1117 enunciatio
812 1079 881 1115 ea
898 1065 1154 1116 instituta
1174 1071 1273 1130 est,
1286 1065 1430 1136 'quae
1449 1081 1572 1118 cum
1587 1067 1762 1118 veris-

157 1145 313 1194 simis
336 1141 597 1208 antiquae
617 1138 925 1190 scansionis
934 1137 1218 1190 Romanae
1238 1141 1452 1208 legibus
1463 1155 1764 1208 quam-ma·
1805 1135 1808 1138 ’

155 1218 301 1268 xime
326 1214 663 1278 concineret3
686 1229 716 1264 e
738 1213 937 1281 quibus
959 1213 1269 1283 quicunque
1289 1215 1378 1267 vel
1395 1215 1758 1281 pristinorum

154 1292 242 1342 vel
262 1288 559 1342 recentium
581 1287 853 1339 editorum
875 1303 1034 1338 suum
1069 1295 1278 1340 textum
1322 1305 1434 1341 uon
1472 1289 1762 1341 ordinave-

158 1367 286 1427 rint,
323 1370 421 1414 aut
447 1362 717 1414 erravisse
740 1374 937 1414 omnes
948 1369 1048 1414 aut
1065 1369 1348 1415 erraturos
1379 1379 1500 1416 esse
1520 1364 1762 1415 certissi-

156 1456 242 1491 me
260 1438 468 1490 iudico.

266 1530 482 1581 Dabam
505 1525 735 1596 Lipsiae
754 1545 827 1580 m.
850 1529 977 1598 Apr.
1002 1543 1055 1581 a.
1075 1526 1478 1582 Mncccxm.

1005 1649 1082 1714 C.
1151 1649 1234 1714 H.
1302 1649 1518 1729 Weis
1532 1671 1592 1714 e.
